<?xml version='1.0' encoding='UTF-8'?>
<record xmlns="http://www.loc.gov/MARC21/slim">
  <leader>01130cam a2200277 a 4500</leader>
  <controlfield tag="001">529081</controlfield>
  <controlfield tag="003">NjP</controlfield>
  <controlfield tag="005">20170905103114.0</controlfield>
  <controlfield tag="008">890817m19819999ir       b    00010 ara d</controlfield>
  <datafield tag="024" ind1="7" ind2=" ">
    <subfield code="a">princeton_aco001568</subfield>
    <subfield code="2">local</subfield>
  </datafield>
  <datafield ind1=" " ind2=" " tag="035">
    <subfield code="a">(OCoLC)22320334</subfield>
  </datafield>
  <datafield ind1=" " ind2=" " tag="035">
    <subfield code="a">(CStRLIN)NJPG89-B40596</subfield>
  </datafield>
  <datafield ind1=" " ind2=" " tag="035">
    <subfield code="9">ACL4921TS</subfield>
  </datafield>
  <datafield ind1=" " ind2=" " tag="035">
    <subfield code="a">529081</subfield>
  </datafield>
  <datafield ind1=" " ind2=" " tag="040">
    <subfield code="a">NjP</subfield>
    <subfield code="c">NjP</subfield>
  </datafield>
  <datafield ind1=" " ind2=" " tag="043">
    <subfield code="a">f-ua---</subfield>
  </datafield>
  <datafield ind1="1" ind2=" " tag="100">
    <subfield code="a">ʻAwdah, ʻAbd al-Qādir.</subfield>
  </datafield>
  <datafield ind1="1" ind2="3" tag="245">
    <subfield code="a">al-Tashrīʻ al-jināʾī al-Islāmī fī al-madhāhib al-khamsah muqāranan bi-al-qānūn al-waḍʻī /al-taʾlīf : ʻAbd al-Qādir ʻAwdah.</subfield>
  </datafield>
  <datafield ind1=" " ind2=" " tag="250">
    <subfield code="a">al-Ṭabʻah al-thāniyah.</subfield>
  </datafield>
  <datafield ind1=" " ind2=" " tag="260">
    <subfield code="a">Tihrān :</subfield>
    <subfield code="b">Qism al-Dirāsāt [al-]Islāmīyah fi Muʾassasat al-Baʻthah,</subfield>
    <subfield code="c">1402- [1981 or 1982- ]</subfield>
  </datafield>
  <datafield ind1=" " ind2=" " tag="300">
    <subfield code="a">v. ;</subfield>
    <subfield code="c">24 cm.</subfield>
  </datafield>
  <datafield ind1=" " ind2=" " tag="504">
    <subfield code="a">Includes bibliographical references.</subfield>
  </datafield>
  <datafield ind1="1" ind2=" " tag="505">
    <subfield code="a">juzʾ 1. al-Qism al-ʻāmm --</subfield>
  </datafield>
  <datafield ind1=" " ind2="0" tag="650">
    <subfield code="a">Criminal law (Islamic law)</subfield>
    <subfield code="0">http://id.loc.gov/authorities/subjects/sh85034072</subfield>
  </datafield>
  <datafield ind1=" " ind2="0" tag="650">
    <subfield code="a">Criminal law</subfield>
    <subfield code="z">Egypt.</subfield>
    <subfield code="0">http://id.loc.gov/authorities/subjects/sh2008101893</subfield>
  </datafield>
  <datafield ind1=" " ind2=" " tag="998">
    <subfield code="a">08/18/89</subfield>
    <subfield code="s">9114</subfield>
    <subfield code="n">NjP</subfield>
    <subfield code="w">NJPG89B40596</subfield>
    <subfield code="d">08/17/89</subfield>
    <subfield code="c">SVS</subfield>
    <subfield code="b">SVS</subfield>
    <subfield code="i">890818</subfield>
    <subfield code="l">NJPG</subfield>
  </datafield>
  <datafield ind1=" " ind2=" " tag="911">
    <subfield code="a">19921028</subfield>
  </datafield>
  <datafield ind1=" " ind2=" " tag="912">
    <subfield code="a">19960130052609.0</subfield>
  </datafield>
  <datafield ind1="8" ind2="1" tag="852">
    <subfield code="0">576187</subfield>
    <subfield code="b">nec</subfield>
    <subfield code="t">1</subfield>
    <subfield code="h">KBL</subfield>
    <subfield code="i">.A955 1981</subfield>
  </datafield>
  <datafield ind1=" " ind2="0" tag="866">
    <subfield code="0">576187</subfield>
    <subfield code="8">0</subfield>
    <subfield code="a">juzʼ 1</subfield>
  </datafield>
  <datafield ind1=" " ind2="0" tag="866">
    <subfield code="0">576187</subfield>
    <subfield code="8">0</subfield>
    <subfield code="x">ADD AS: juzʼ</subfield>
  </datafield>
  <datafield ind1=" " ind2=" " tag="959">
    <subfield code="a">2000-06-13 00:00:00 -0400</subfield>
  </datafield>
</record>
